<collection xmlns="http://www.loc.gov/MARC21/slim">
<record>
  <leader>01353nam0a2200241 i 450 </leader>
  <controlfield tag="001">IT\ICCU\CNCE\051887</controlfield>
  <controlfield tag="005">20160309000000.0</controlfield>
  <datafield tag="012" ind1=" " ind2=" ">
    <subfield code="a">umm: a.a. umo- Glte (3) 1598 (R)</subfield>
    <subfield code="2">fei</subfield>
  </datafield>
  <datafield tag="100" ind1=" " ind2=" ">
    <subfield code="a">20010406d1598        0itac0103    ba</subfield>
  </datafield>
  <datafield tag="101" ind1=" " ind2=" ">
    <subfield code="a">LAT</subfield>
  </datafield>
  <datafield tag="102" ind1=" " ind2=" ">
    <subfield code="a">IT</subfield>
  </datafield>
  <datafield tag="200" ind1="1" ind2=" ">
    <subfield code="a">Offitium sacratissimi nominis Iesu, a confratribus societatis eiusdem nominis in Eporoediensi ciuitate recitari solitum a reuerendissimo d.d. Angelo Perutio Sarcinatensi episcopo tunc prouincia Pedemontana, apostolico visitatore approbatum. Cui additae sunt litaniae, et hymni qi in oratorio eorundem confratrum festis diebus decantantur</subfield>
  </datafield>
  <datafield tag="210" ind1=" " ind2=" ">
    <subfield code="a">Eporaediae</subfield>
    <subfield code="c">ex officina Dominici Eustachij</subfield>
    <subfield code="c">sumptibus Io. Francisci Alberti,1598</subfield>
    <subfield code="e">Eporaediae</subfield>
    <subfield code="g">apud Dominicum Eustachium</subfield>
    <subfield code="h">1598</subfield>
  </datafield>
  <datafield tag="215" ind1=" " ind2=" ">
    <subfield code="a">40 p.</subfield>
    <subfield code="d">4ʻ</subfield>
  </datafield>
  <datafield tag="620" ind1=" " ind2=" ">
    <subfield code="a">IT</subfield>
    <subfield code="d">Ivrea</subfield>
  </datafield>
  <datafield tag="710" ind1="0" ind2="2">
    <subfield code="a"></subfield>
    <subfield code="c"> &lt;Ivrea&gt;</subfield>
    <subfield code="3">16320</subfield>
  </datafield>
  <datafield tag="712" ind1="0" ind2="0">
    <subfield code="a">Eustachi, Domenico</subfield>
    <subfield code="3">IT\ICCU\CNCT\003666</subfield>
    <subfield code="4">650</subfield>
  </datafield>
  <datafield tag="712" ind1="0" ind2="0">
    <subfield code="a">Alberti, Giovanni Francesco</subfield>
    <subfield code="3">IT\ICCU\CNCT\002264</subfield>
    <subfield code="4">650</subfield>
  </datafield>
  <datafield tag="791" ind1="0" ind2="2">
    <subfield code="a">Societas Sacratissimi Nominis Iesu</subfield>
    <subfield code="3">16321</subfield>
    <subfield code="z">Confraternita del SS. Nome di Ges ̮&lt;Ivrea&gt;</subfield>
  </datafield>
  <datafield tag="791" ind1="0" ind2="0">
    <subfield code="a">Eustachius, Dominicus</subfield>
    <subfield code="3">IT\ICCU\CNCT\004732</subfield>
    <subfield code="z">Eustachi, Domenico</subfield>
  </datafield>
  <datafield tag="791" ind1="0" ind2="0">
    <subfield code="a">Albertus, Ioannes Francescus</subfield>
    <subfield code="3">IT\ICCU\CNCT\004277</subfield>
    <subfield code="z">Alberti, Giovanni Francesco</subfield>
  </datafield>
  <datafield tag="801" ind1=" " ind2="3">
    <subfield code="a">IT</subfield>
    <subfield code="b">ICCU</subfield>
    <subfield code="c">20201115</subfield>
  </datafield>
  <datafield tag="899" ind1=" " ind2=" ">
    <subfield code="a">Biblioteca Ambrosiana. Milano</subfield>
    <subfield code="1">MI0133</subfield>
    <subfield code="2">VBA 01</subfield>
  </datafield>
</record>
</collection>
